@article{AlphaCode1,
	title={{Competition-Level Code Generation with AlphaCode}},
	author={Li, Yujia and Choi, David and Chung, Junyoung and Kushman, Nate and Schrittwieser, Julian and Leblond, R{\'e}mi and Eccles, Tom and Keeling, James and Gimeno, Felix and Lago, Agustin Dal and others},
	journal={arXiv preprint arXiv:2203.07814},
	year={2022}
}

@article{Codex1,
	title={{Evaluating large language models trained on code}},
	author={Chen, Mark and Tworek, Jerry and Jun, Heewoo and Yuan, Qiming and Pinto, Henrique Ponde de Oliveira and Kaplan, Jared and Edwards, Harri and Burda, Yuri and Joseph, Nicholas and Brockman, Greg and others},
	journal={arXiv preprint arXiv:2107.03374},
	year={2021}
}

@online{Copilot1, 
	author = {GitHub},
	title = {{Your AI pair programmer}},
	year = {2021},
	note = {https://copilot.github.com/ accessed on 20.03.2022}
}

@online{CASC, 
	title = {{The CADE ATP System Competition}},
	note = {http://www.tptp.org/CASC/}
}

@incollection{Vampire1,
	doi = {10.1007/978-3-642-39799-8_1},
	url = {https://doi.org/10.1007%2F978-3-642-39799-8_1},
	year = 2013,
	publisher = {Springer Berlin Heidelberg},
	pages = {1--35},
	author = {Laura Kov{\'{a}}cs and Andrei Voronkov},
	title = {{First-Order Theorem Proving and Vampire}},
	booktitle = {Computer Aided Verification}
}

@article{E1,
	title={{E--a brainiac theorem prover}},
	author={Schulz, Stephan},
	journal={Ai Communications},
	volume={15},
	number={2-3},
	pages={111--126},
	year={2002},
	publisher={IOS Press}
}

@inproceedings{Control1,
	title={A formulae-as-type notion of control},
	author={Griffin, Timothy G},
	booktitle={Proceedings of the 17th ACM SIGPLAN-SIGACT symposium on Principles of programming languages},
	pages={47--58},
	year={1989}
}

@inproceedings{CPS1,
	title={A CPS-translation of the $\lambda$$\mu$-calculus},
	author={Groote, Philippe de},
	booktitle={Colloquium on Trees in Algebra and Programming},
	pages={85--99},
	year={1994},
	organization={Springer}
}

@inproceedings{Parigot1,
	title={$\lambda$$\mu$-calculus: an algorithmic interpretation of classical natural deduction},
	author={Parigot, Michel},
	booktitle={International Conference on Logic for Programming Artificial Intelligence and Reasoning},
	pages={190--201},
	year={1992},
	organization={Springer}
}

@InProceedings{HAPA,
	author="Friedman, Harvey",
	editor="M{\"u}ller, Gert H.
	and Scott, Dana S.",
	title="Classically and intuitionistically provably recursive functions",
	booktitle="Higher Set Theory",
	year="1978",
	publisher="Springer Berlin Heidelberg",
	address="Berlin, Heidelberg",
	pages="21--27",
	isbn="978-3-540-35749-0"
}

@InProceedings{Vampire2,
	author="Hozzov{\'a}, Petra
	and Kov{\'a}cs, Laura
	and Voronkov, Andrei",
	editor="Platzer, Andr{\'e}
	and Sutcliffe, Geoff",
	title="Integer Induction in Saturation",
	booktitle="Automated Deduction -- CADE 28",
	year="2021",
	publisher="Springer International Publishing",
	address="Cham",
	pages="361--377",
	abstract="Integers are ubiquitous in programming and therefore also in applications of program analysis and verification. Such applications often require some sort of inductive reasoning. In this paper we analyze the challenge of automating inductive reasoning with integers. We introduce inference rules for integer induction within the saturation framework of first-order theorem proving. We implemented these rules in the theorem prover Vampire and evaluated our work against other state-of-the-art theorem provers. Our results demonstrate the strength of our approach by solving new problems coming from program analysis and mathematical properties of integers.",
	isbn="978-3-030-79876-5"
}
@inproceedings{Vampire3,
	title={{Induction with generalization in superposition reasoning}},
	author={Hajd{\'u}, M{\'a}rton and Hozzov{\'a}, Petra and Kov{\'a}cs, Laura and Schoisswohl, Johannes and Voronkov, Andrei},
	booktitle={International Conference on Intelligent Computer Mathematics},
	pages={123--137},
	year={2020},
	organization={Springer}
}

@article{Friedman,
	title={{The Friedman A-translation}},
	author={Kohlenbach, Ulrich},
	journal={Applied Proof Theory: Proof Interpretations and Their Use in Mathematics},
	pages={273--277},
	year={2008},
	publisher={Springer}
}

@article{practical,
	title={Practical program extraction from classical proofs},
	author={Makarov, Yevgeniy},
	journal={Electronic Notes in Theoretical Computer Science},
	volume={155},
	pages={521--542},
	year={2006},
	publisher={Elsevier}
}

@article{schwichtenberg,
	title={Refined program extraction from classical proofs},
	author={Berger, Ulrich and Buchholz, Wilfried and Schwichtenberg, Helmut},
	journal={Annals of Pure and Applied Logic},
	volume={114},
	number={1-3},
	pages={3--25},
	year={2002},
	publisher={Elsevier}
}


@article{RDNT,
	title={A reverse double negation translation},
	author={Pluska, Alexander},
	journal={Unpublished Manusript},
	year={2022},
}
