@article{fisman2022special,
  title={Special Issue on Syntax-Guided Synthesis Preface},
  author={Fisman, Dana and Singh, Rishabh and Solar-Lezama, Armando},
  journal={Formal Methods in System Design},
  pages={1--2},
  year={2022},
  publisher={Springer}
}

@incollection{series/natosec/AlurBDF0JKMMRSSSSTU15,
  author    = {Rajeev Alur and
               Rastislav Bod{\'{\i}}k and
               Eric Dallal and
               Dana Fisman and
               Pranav Garg and
               Garvit Juniwal and
               Hadas Kress{-}Gazit and
               P. Madhusudan and
               Milo M. K. Martin and
               Mukund Raghothaman and
               Shambwaditya Saha and
               Sanjit A. Seshia and
               Rishabh Singh and
               Armando Solar{-}Lezama and
               Emina Torlak and
               Abhishek Udupa},
  editor    = {Maximilian Irlbeck and
               Doron A. Peled and
               Alexander Pretschner},
  title     = {Syntax-Guided Synthesis},
  booktitle = {Dependable Software Systems Engineering},
  series    = {{NATO} Science for Peace and Security Series, {D:} Information and
               Communication Security},
  volume    = {40},
  pages     = {1--25},
  publisher = {{IOS} Press},
  year      = {2015}
}

@inproceedings{conf/pldi/ItzhakyPPRS21,
  author    = {Shachar Itzhaky and
               Hila Peleg and
               Nadia Polikarpova and
               Reuben N. S. Rowe and
               Ilya Sergey},
  title     = {Cyclic program synthesis},
  booktitle = {{PLDI}},
  pages     = {944--959},
  publisher = {{ACM}},
  year      = {2021}
}

@inproceedings{conf/cav/ItzhakyPPRS21,
  author    = {Shachar Itzhaky and
               Hila Peleg and
               Nadia Polikarpova and
               Reuben N. S. Rowe and
               Ilya Sergey},
  title     = {Deductive Synthesis of Programs with Pointers: Techniques, Challenges,
               Opportunities - (Invited Paper)},
  booktitle = {{CAV} {(1)}},
  series    = {Lecture Notes in Computer Science},
  volume    = {12759},
  pages     = {110--134},
  publisher = {Springer},
  year      = {2021}
}

@article{journals/fmsd/ReynoldsKTBD19,
  author    = {Andrew Reynolds and
               Viktor Kuncak and
               Cesare Tinelli and
               Clark W. Barrett and
               Morgan Deters},
  title     = {Refutation-based synthesis in {SMT}},
  journal   = {Formal Methods Syst. Des.},
  volume    = {55},
  number    = {2},
  pages     = {73--102},
  year      = {2019}
}

@article{journals/pacmpl/BarkePP20,
  author    = {Shraddha Barke and
               Hila Peleg and
               Nadia Polikarpova},
  title     = {Just-in-time learning for bottom-up enumerative synthesis},
  journal   = {Proc. {ACM} Program. Lang.},
  volume    = {4},
  number    = {{OOPSLA}},
  pages     = {227:1--227:29},
  year      = {2020}
}
