@article{Echenim_2019,
	doi = {10.1007/s10817-019-09519-x},
	url = {https://doi.org/10.1007%2Fs10817-019-09519-x},
	year = 2019,
	month = {mar},
	publisher = {Springer Science and Business Media {LLC}},
	volume = {64},
	number = {2},
	pages = {253--294},
	author = {M. Echenim and N. Peltier},
	title = {Combining Induction and Saturation-Based Theorem Proving},
	journal = {Journal of Automated Reasoning}
}

@InProceedings{10.1007/978-3-030-53518-6_8,
	author="Hajd{\'u}, M{\'a}rton
	and Hozzov{\'a}, Petra
	and Kov{\'a}cs, Laura
	and Schoisswohl, Johannes
	and Voronkov, Andrei",
	editor="Benzm{\"u}ller, Christoph
	and Miller, Bruce",
	title="Induction with Generalization in Superposition Reasoning",
	booktitle="Intelligent Computer Mathematics",
	year="2020",
	publisher="Springer International Publishing",
	address="Cham",
	pages="123--137",
	abstract="We describe an extension of automating induction in superposition-based reasoning by strengthening inductive properties and generalizing terms over which induction should be applied. We implemented our approach in the first-order theorem prover Vampire and evaluated our work against state-of-the-art reasoners automating induction. We demonstrate the strength of our technique by showing that many interesting mathematical properties of natural numbers and lists can be proved automatically using this extension.",
	isbn="978-3-030-53518-6"
}

@masterthesis{hajdu2021automating,
	title={Automating inductive reasoning with recursive functions},
	author={Hajdu, Marton},
	year={2021},
	school={Wien}
}

@incollection{Kov_cs_2013,
	doi = {10.1007/978-3-642-39799-8_1},
	url = {https://doi.org/10.1007%2F978-3-642-39799-8_1},
	year = 2013,
	publisher = {Springer Berlin Heidelberg},
	pages = {1--35},
	author = {Laura Kov{\'{a}}cs and Andrei Voronkov},
	title = {First-Order Theorem Proving and Vampire},
	booktitle = {Computer Aided Verification}
}

@inproceedings{Griffin_1990,
	doi = {10.1145/96709.96714},
	url = {https://doi.org/10.1145%2F96709.96714},
	year = 1990,
	publisher = {{ACM} Press},
	author = {Timothy G. Griffin},
	title = {A formulae-as-type notion of control},
	booktitle = {Proceedings of the 17th {ACM} {SIGPLAN}-{SIGACT} symposium on Principles of programming languages  - {POPL} {\textquotesingle}90}
}

@incollection{de_Groote_1995,
	doi = {10.1007/bfb0014054},
	url = {https://doi.org/10.1007%2Fbfb0014054},
	year = 1995,
	publisher = {Springer Berlin Heidelberg},
	pages = {201--215},
	author = {Philippe de Groote},
	title = {A simple calculus of exception handling},
	booktitle = {Lecture Notes in Computer Science}
}

@book{agda,
	title={Towards a practical programming language based on dependent type theory},
	author={Norell, Ulf},
	volume={32},
	year={2007},
	publisher={Citeseer}
}

@misc{pfenning2000constructive,
	title={Constructive Logic},
	author={Pfenning, Frank},
	year={2000},
	publisher={Carnegie Mellon University, draft of december}
}

@article{aschieri2014interactive,
	title={Interactive Realizability for second-order Heyting arithmetic with EM1 and SK1},
	author={Aschieri, Federico},
	journal={Mathematical Structures in Computer Science},
	volume={24},
	number={6},
	year={2014},
	publisher={Cambridge University Press}
}

@article{Luckham_1971,
	doi = {10.1016/0004-3702(71)90003-8},
	url = {https://doi.org/10.1016%2F0004-3702%2871%2990003-8},
	year = 1971,
	publisher = {Elsevier {BV}},
	volume = {2},
	number = {1},
	pages = {27--54},
	author = {David Luckham and Nils J. Nilsson},
	title = {Extracting information from resolution proof trees},
	journal = {Artificial Intelligence}
}

@InProceedings{Friedman_1978,
	author="Friedman, Harvey",
	editor="M{\"u}ller, Gert H.
	and Scott, Dana S.",
	title="Classically and intuitionistically provably recursive functions",
	booktitle="Higher Set Theory",
	year="1978",
	publisher="Springer Berlin Heidelberg",
	address="Berlin, Heidelberg",
	pages="21--27",
	isbn="978-3-540-35749-0"
}

@article{Berger_2002,
	title={Refined program extraction from classical proofs},
	author={Berger, Ulrich and Buchholz, Wilfried and Schwichtenberg, Helmut},
	journal={Annals of Pure and Applied Logic},
	volume={114},
	number={1-3},
	pages={3--25},
	year={2002},
	publisher={Elsevier}
}

@book{basicprooftheory,
	title={Basic proof theory},
	author={Troelstra, Anne Sjerp and Schwichtenberg, Helmut},
	number={43},
	year={2000},
	publisher={Cambridge University Press}
}

@article{Dershowitz-Manna_1979,
	author = {Dershowitz, Nachum and Manna, Zohar},
	title = {Proving Termination with Multiset Orderings},
	year = {1979},
	issue_date = {Aug. 1979},
	publisher = {Association for Computing Machinery},
	address = {New York, NY, USA},
	volume = {22},
	number = {8},
	issn = {0001-0782},
	url = {https://doi.org/10.1145/359138.359142},
	doi = {10.1145/359138.359142},
}
	
@article{glivenko1929,
	title={Sur quelques points de la logique de M. Brouwer},
	author={Glivenko, Valery},
	journal={Bulletins de la classe des sciences},
	volume={15},
	number={5},
	pages={183--188},
	year={1929},
}

@article{godel1933intuitionistischen,
	title={Zur intuitionistischen arithmetik und zahlentheorie},
	author={G{\"o}del, Kurt},
	journal={Ergebnisse eines mathematischen Kolloquiums},
	volume={4},
	number={1933},
	pages={34--38},
	year={1933}
}
@article{gentzen1936widerspruchsfreiheit,
	title={Die widerspruchsfreiheit der reinen zahlentheorie},
	author={Gentzen, Gerhard},
	journal={Mathematische annalen},
	volume={112},
	number={1},
	pages={493--565},
	year={1936},
	publisher={Springer}
}

@incollection{tseitin1983complexity,
	title={On the complexity of derivation in propositional calculus},
	author={Tseitin, Grigori S},
	booktitle={Automation of reasoning},
	pages={466--483},
	year={1983},
	publisher={Springer}
}

@article{statman1979intuitionistic,
	title={Intuitionistic propositional logic is polynomial-space complete},
	author={Statman, Richard},
	journal={Theoretical Computer Science},
	volume={9},
	number={1},
	pages={67--72},
	year={1979},
	publisher={Elsevier}
}
@inproceedings{cook1971complexity,
	title={The complexity of theorem-proving procedures},
	author={Cook, Stephen A},
	booktitle={Proceedings of the third annual ACM symposium on Theory of computing},
	pages={151--158},
	year={1971}
}

@article{bezhanishvili2006intuitionistic,
	title={Intuitionistic logic},
	author={Bezhanishvili, Nick and de Jongh, Dick},
	year={2006}
}

@article{baaz2006skolemization,
	title={The Skolemization of existential quantifiers in intuitionistic logic},
	author={Baaz, Matthias and Iemhoff, Rosalie},
	journal={Annals of Pure and Applied Logic},
	volume={142},
	number={1-3},
	pages={269--295},
	year={2006},
	publisher={Elsevier}
}

@article{iemhoff2010eskolemization,
	title={The eskolemization of universal quantifiers},
	author={Iemhoff, Rosalie},
	journal={Annals of Pure and Applied Logic},
	volume={162},
	number={3},
	pages={201--212},
	year={2010},
	publisher={Elsevier}
}


@article{practical,
	title={Practical program extraction from classical proofs},
	author={Makarov, Yevgeniy},
	journal={Electronic Notes in Theoretical Computer Science},
	volume={155},
	pages={521--542},
	year={2006},
	publisher={Elsevier}
}

@article{schwichtenberg,
	title={Refined program extraction from classical proofs},
	author={Berger, Ulrich and Buchholz, Wilfried and Schwichtenberg, Helmut},
	journal={Annals of Pure and Applied Logic},
	volume={114},
	number={1-3},
	pages={3--25},
	year={2002},
	publisher={Elsevier}
}

@book{garey1979computers,
	title={Computers and intractability},
	author={Garey, Michael R and Johnson, David S},
	volume={174},
	year={1979},
	publisher={freeman San Francisco}
}

@article{vsvejdar2003polynomial,
	title={On the polynomial-space completeness of intuitionistic propositional logic},
	author={{\v{S}}vejdar, V{\'\i}tezslav},
	journal={Archive for Mathematical Logic},
	volume={42},
	number={7},
	pages={711--716},
	year={2003}
}