@misc{satc,
	title = {The International SAT Competition},
	howpublished = {\url{http://www.satcompetition.org/}},
	note = {Accessed: 2022-07-15}
}



@book{series/faia/2009-185,
  editor    = {Armin Biere and
               Marijn Heule and
               Hans van Maaren and
               Toby Walsh},
  title     = {Handbook of Satisfiability},
  series    = {Frontiers in Artificial Intelligence and Applications},
  volume    = {185},
  publisher = {{IOS} Press},
  year      = {2009},
  isbn      = {978-1-58603-929-5}
}

@article{glivenko1929quelques,
	title={Sur quelques points de la logique de M. Brouwer},
	author={Glivenko, Valery},
	journal={Bulletins de la classe des sciences},
	volume={15},
	number={5},
	pages={183--188},
	year={1929}
}

@article{godel1933intuitionistischen,
	title={Zur intuitionistischen arithmetik und zahlentheorie},
	author={G{\"o}del, Kurt},
	journal={Ergebnisse eines mathematischen Kolloquiums},
	volume={4},
	number={1933},
	pages={34--38},
	year={1933}
}

@inproceedings{kovacs2013first,
	title={First-order theorem proving and Vampire},
	author={Kov{\'a}cs, Laura and Voronkov, Andrei},
	booktitle={International Conference on Computer Aided Verification},
	pages={1--35},
	year={2013},
	organization={Springer}
}

@inproceedings{korovin2008iprover,
	title={iProver--an instantiation-based theorem prover for first-order logic (system description)},
	author={Korovin, Konstantin},
	booktitle={International Joint Conference on Automated Reasoning},
	pages={292--298},
	year={2008},
	organization={Springer}
}
	
@article{glivenko1929,
	title={Sur quelques points de la logique de M. Brouwer},
	author={Glivenko, Valery},
	journal={Bulletins de la classe des sciences},
	volume={15},
	number={5},
	pages={183--188},
	year={1929},
}

@article{schulz2002brainiac,
	title={E--a brainiac theorem prover},
	author={Schulz, Stephan},
	journal={Ai Communications},
	volume={15},
	number={2-3},
	pages={111--126},
	year={2002},
	publisher={IOS Press}
}

@article{howard1980formulae,
	title={The formulae-as-types notion of construction},
	author={Howard, William A},
	journal={To HB Curry: essays on combinatory logic, lambda calculus and formalism},
	volume={44},
	pages={479--490},
	year={1980}
}

@incollection{friedman1978classically,
	title={Classically and intuitionistically provably recursive functions},
	author={Friedman, Harvey},
	booktitle={Higher set theory},
	pages={21--27},
	year={1978},
	publisher={Springer}
}


@article{schwichtenberg,
	title={Refined program extraction from classical proofs},
	author={Berger, Ulrich and Buchholz, Wilfried and Schwichtenberg, Helmut},
	journal={Annals of Pure and Applied Logic},
	volume={114},
	number={1-3},
	pages={3--25},
	year={2002},
	publisher={Elsevier}
}



@inproceedings{Control1,
	title={A formulae-as-type notion of control},
	author={Griffin, Timothy G},
	booktitle={Proceedings of the 17th ACM SIGPLAN-SIGACT symposium on Principles of programming languages},
	pages={47--58},
	year={1989}
}

@inproceedings{Parigot1,
	title={$\lambda$$\mu$-calculus: an algorithmic interpretation of classical natural deduction},
	author={Parigot, Michel},
	booktitle={International Conference on Logic for Programming Artificial Intelligence and Reasoning},
	pages={190--201},
	year={1992},
	organization={Springer}
}


@article{statman1979intuitionistic,
	title={Intuitionistic propositional logic is polynomial-space complete},
	author={Statman, Richard},
	journal={Theoretical Computer Science},
	volume={9},
	number={1},
	pages={67--72},
	year={1979},
	publisher={Elsevier}
}

@article{iemhoff2010eskolemization,
	title={The eskolemization of universal quantifiers},
	author={Iemhoff, Rosalie},
	journal={Annals of Pure and Applied Logic},
	volume={162},
	number={3},
	pages={201--212},
	year={2010},
	publisher={Elsevier}
}

@InCollection{sep-logic-intuitionistic,
	author       =	{Moschovakis, Joan},
	title        =	{{Intuitionistic Logic}},
	booktitle    =	{The {Stanford} Encyclopedia of Philosophy},
	editor       =	{Edward N. Zalta},
	howpublished =	{\url{https://plato.stanford.edu/archives/fall2021/entries/logic-intuitionistic/}},
	year         =	{2021},
	edition      =	{{F}all 2021},
	publisher    =	{Metaphysics Research Lab, Stanford University}
}

@book{fitting2012first,
	title={First-order logic and automated theorem proving},
	author={Fitting, Melvin},
	year={2012},
	publisher={Springer Science \& Business Media}
}

@incollection{tseitin1983complexity,
	title={On the complexity of derivation in propositional calculus},
	author={Tseitin, Grigori S},
	booktitle={Automation of reasoning},
	pages={466--483},
	year={1983},
	publisher={Springer}
}

@article{baaz2006skolemization,
	title={The Skolemization of existential quantifiers in intuitionistic logic},
	author={Baaz, Matthias and Iemhoff, Rosalie},
	journal={Annals of Pure and Applied Logic},
	volume={142},
	number={1-3},
	pages={269--295},
	year={2006},
	publisher={Elsevier}
}

@book{garey1979computers,
	title={Computers and intractability},
	author={Garey, Michael R and Johnson, David S},
	volume={174},
	year={1979},
	publisher={freeman San Francisco}
}

@book{brouwer1907over,
	title={Over de grondslagen der wiskunde},
	author={Brouwer, Luitzen Egbertus Jan},
	year={1907},
	publisher={Maas \& van Suchtelen}
}

@article{bishop1967foundations,
	title={Foundations of constructive analysis},
	author={Bishop, Errett},
	year={1967}
}

@inproceedings{cook1971complexity,
	title={The complexity of theorem-proving procedures},
	author={Cook, Stephen A},
	booktitle={Proceedings of the third annual ACM symposium on Theory of computing},
	pages={151--158},
	year={1971}
}

@article{bachmair2001resolution,
	title={Resolution Theorem Proving.},
	author={Bachmair, Leo and Ganzinger, Harald},
	journal={Handbook of automated reasoning},
	volume={1},
	number={02},
	year={2001}
}

@inproceedings{tammet1996resolution,
	title={A resolution theorem prover for intuitionistic logic},
	author={Tammet, Tanel},
	booktitle={International Conference on Automated Deduction},
	pages={2--16},
	year={1996},
	organization={Springer}
}

@inproceedings{mclaughlin2009efficient,
	title={Efficient intuitionistic theorem proving with the polarized inverse method},
	author={McLaughlin, Sean and Pfenning, Frank},
	booktitle={International Conference on Automated Deduction},
	pages={230--244},
	year={2009},
	organization={Springer}
}

@misc{casc,
	title = {The CADE ATP System Competition (CASC)},
	howpublished = {\url{https://www.tptp.org/CASC/28/}},
	note = {Accessed: 2022-07-14}
}

@misc{iltp,
	title = {The Intuitionistic Logic Theorem Proving (ILTP) library},
	howpublished = {\url{http://iltp.de/results.html}},
	note = {Accessed: 2022-07-14}
}

@article{gentzen1936widerspruchsfreiheit,
	title={Die widerspruchsfreiheit der reinen zahlentheorie},
	author={Gentzen, Gerhard},
	journal={Mathematische annalen},
	volume={112},
	number={1},
	pages={493--565},
	year={1936},
	publisher={Springer}
}


