@article{glivenko1929quelques,
	title={Sur quelques points de la logique de M. Brouwer},
	author={Glivenko, Valery},
	journal={Bulletins de la classe des sciences},
	volume={15},
	number={5},
	pages={183--188},
	year={1929}
}

@article{godel1933intuitionistischen,
	title={Zur intuitionistischen arithmetik und zahlentheorie},
	author={G{\"o}del, Kurt},
	journal={Ergebnisse eines mathematischen Kolloquiums},
	volume={4},
	number={1933},
	pages={34--38},
	year={1933}
}

@inproceedings{kovacs2013first,
	title={First-order theorem proving and Vampire},
	author={Kov{\'a}cs, Laura and Voronkov, Andrei},
	booktitle={International Conference on Computer Aided Verification},
	pages={1--35},
	year={2013},
	organization={Springer}
}

@inproceedings{korovin2008iprover,
	title={iProver--an instantiation-based theorem prover for first-order logic (system description)},
	author={Korovin, Konstantin},
	booktitle={International Joint Conference on Automated Reasoning},
	pages={292--298},
	year={2008},
	organization={Springer}
}

@article{schulz2002brainiac,
	title={E--a brainiac theorem prover},
	author={Schulz, Stephan},
	journal={Ai Communications},
	volume={15},
	number={2-3},
	pages={111--126},
	year={2002},
	publisher={IOS Press}
}

@article{howard1980formulae,
	title={The formulae-as-types notion of construction},
	author={Howard, William A},
	journal={To HB Curry: essays on combinatory logic, lambda calculus and formalism},
	volume={44},
	pages={479--490},
	year={1980}
}

@incollection{friedman1978classically,
	title={Classically and intuitionistically provably recursive functions},
	author={Friedman, Harvey},
	booktitle={Higher set theory},
	pages={21--27},
	year={1978},
	publisher={Springer}
}


@article{schwichtenberg,
	title={Refined program extraction from classical proofs},
	author={Berger, Ulrich and Buchholz, Wilfried and Schwichtenberg, Helmut},
	journal={Annals of Pure and Applied Logic},
	volume={114},
	number={1-3},
	pages={3--25},
	year={2002},
	publisher={Elsevier}
}



@inproceedings{Control1,
	title={A formulae-as-type notion of control},
	author={Griffin, Timothy G},
	booktitle={Proceedings of the 17th ACM SIGPLAN-SIGACT symposium on Principles of programming languages},
	pages={47--58},
	year={1989}
}

@inproceedings{Parigot1,
	title={$\lambda$$\mu$-calculus: an algorithmic interpretation of classical natural deduction},
	author={Parigot, Michel},
	booktitle={International Conference on Logic for Programming Artificial Intelligence and Reasoning},
	pages={190--201},
	year={1992},
	organization={Springer}
}


@article{statman1979intuitionistic,
	title={Intuitionistic propositional logic is polynomial-space complete},
	author={Statman, Richard},
	journal={Theoretical Computer Science},
	volume={9},
	number={1},
	pages={67--72},
	year={1979},
	publisher={Elsevier}
}

@article{iemhoff2010eskolemization,
	title={The eskolemization of universal quantifiers},
	author={Iemhoff, Rosalie},
	journal={Annals of Pure and Applied Logic},
	volume={162},
	number={3},
	pages={201--212},
	year={2010},
	publisher={Elsevier}
}






@article{DBLP:journals/cacm/Knuth74,
  author    = {Donald E. Knuth},
  title     = {{Computer Programming as an Art}},
  journal   = {Commun. {ACM}},
  volume    = {17},
  number    = {12},
  pages     = {667--673},
  year      = {1974},
  doi       = {10.1145/361604.361612},
  timestamp = {Tue, 07 Jun 2011 16:50:57 +0200},
  biburl    = {http://dblp.uni-trier.de/rec/bib/journals/cacm/Knuth74},
  bibsource = {dblp computer science bibliography, http://dblp.org}
}

@article{DBLP:journals/cacm/Dijkstra68a,
  author    = {Edsger W. Dijkstra},
  title     = {Letters to the editor: go to statement considered harmful},
  journal   = {Commun. {ACM}},
  volume    = {11},
  number    = {3},
  pages     = {147--148},
  year      = {1968},
  doi       = {10.1145/362929.362947},
  timestamp = {Thu, 09 Feb 2006 13:19:49 +0100},
  biburl    = {http://dblp.uni-trier.de/rec/bib/journals/cacm/Dijkstra68a},
  bibsource = {dblp computer science bibliography, http://dblp.org}
}

@book{DBLP:books/mk/GrayR93,
  author    = {Jim Gray and
               Andreas Reuter},
  title     = {Transaction Processing: Concepts and Techniques},
  publisher = {Morgan Kaufmann},
  year      = {1993},
  isbn      = {1-55860-190-2},
  timestamp = {Thu, 05 Nov 2015 19:53:28 +0100},
  biburl    = {http://dblp.uni-trier.de/rec/bib/books/mk/GrayR93},
  bibsource = {dblp computer science bibliography, http://dblp.org}
}



@inproceedings{DBLP:conf/focs/HopcroftPV75,
  author    = {{John E.} Hopcroft and
               {Wolfgang J.} Paul and
               {Leslie G.} Valiant},
  title     = {On Time versus Space and Related Problems},
  booktitle = {16th Annual Symposium on Foundations of Computer Science, Berkeley,
               California, USA, October 13-15, 1975},
  pages     = {57--64},
  year      = {1975},
  crossref  = {DBLP:conf/focs/FOCS16},
  doi       = {10.1109/SFCS.1975.23},
  timestamp = {Tue, 16 Dec 2014 09:57:24 +0100},
  biburl    = {http://dblp.uni-trier.de/rec/bib/conf/focs/HopcroftPV75},
  bibsource = {dblp computer science bibliography, http://dblp.org}
}

@proceedings{DBLP:conf/focs/FOCS16,
  title     = {16th Annual Symposium on Foundations of Computer Science, Berkeley,
               California, USA, October 13-15, 1975},
  publisher = {{IEEE} Computer Society},
  year      = {1975},
  timestamp = {Mon, 15 Dec 2014 18:48:44 +0100},
  biburl    = {http://dblp.uni-trier.de/rec/bib/conf/focs/FOCS16},
  bibsource = {dblp computer science bibliography, http://dblp.org}
}

