@article{glivenko1929quelques,
	title={Sur quelques points de la logique de M. Brouwer},
	author={Glivenko, Valery},
	journal={Bulletins de la classe des sciences},
	volume={15},
	number={5},
	pages={183--188},
	year={1929}
}

@article{godel1933intuitionistischen,
	title={Zur intuitionistischen arithmetik und zahlentheorie},
	author={G{\"o}del, Kurt},
	journal={Ergebnisse eines mathematischen Kolloquiums},
	volume={4},
	number={1933},
	pages={34--38},
	year={1933}
}

@inproceedings{kovacs2013first,
	title={First-order theorem proving and Vampire},
	author={Kov{\'a}cs, Laura and Voronkov, Andrei},
	booktitle={International Conference on Computer Aided Verification},
	pages={1--35},
	year={2013},
	organization={Springer}
}

@inproceedings{korovin2008iprover,
	title={iProver--an instantiation-based theorem prover for first-order logic (system description)},
	author={Korovin, Konstantin},
	booktitle={International Joint Conference on Automated Reasoning},
	pages={292--298},
	year={2008},
	organization={Springer}
}

@article{schulz2002brainiac,
	title={E--a brainiac theorem prover},
	author={Schulz, Stephan},
	journal={Ai Communications},
	volume={15},
	number={2-3},
	pages={111--126},
	year={2002},
	publisher={IOS Press}
}

@article{howard1980formulae,
	title={The formulae-as-types notion of construction},
	author={Howard, William A},
	journal={To HB Curry: essays on combinatory logic, lambda calculus and formalism},
	volume={44},
	pages={479--490},
	year={1980}
}

@incollection{friedman1978classically,
	title={Classically and intuitionistically provably recursive functions},
	author={Friedman, Harvey},
	booktitle={Higher set theory},
	pages={21--27},
	year={1978},
	publisher={Springer}
}


@article{schwichtenberg,
	title={Refined program extraction from classical proofs},
	author={Berger, Ulrich and Buchholz, Wilfried and Schwichtenberg, Helmut},
	journal={Annals of Pure and Applied Logic},
	volume={114},
	number={1-3},
	pages={3--25},
	year={2002},
	publisher={Elsevier}
}



@inproceedings{Control1,
	title={A formulae-as-type notion of control},
	author={Griffin, Timothy G},
	booktitle={Proceedings of the 17th ACM SIGPLAN-SIGACT symposium on Principles of programming languages},
	pages={47--58},
	year={1989}
}

@inproceedings{Parigot1,
	title={$\lambda$$\mu$-calculus: an algorithmic interpretation of classical natural deduction},
	author={Parigot, Michel},
	booktitle={International Conference on Logic for Programming Artificial Intelligence and Reasoning},
	pages={190--201},
	year={1992},
	organization={Springer}
}


@article{statman1979intuitionistic,
	title={Intuitionistic propositional logic is polynomial-space complete},
	author={Statman, Richard},
	journal={Theoretical Computer Science},
	volume={9},
	number={1},
	pages={67--72},
	year={1979},
	publisher={Elsevier}
}

@article{iemhoff2010eskolemization,
	title={The eskolemization of universal quantifiers},
	author={Iemhoff, Rosalie},
	journal={Annals of Pure and Applied Logic},
	volume={162},
	number={3},
	pages={201--212},
	year={2010},
	publisher={Elsevier}
}



@InCollection{sep-logic-intuitionistic,
	author       =	{Moschovakis, Joan},
	title        =	{{Intuitionistic Logic}},
	booktitle    =	{The {Stanford} Encyclopedia of Philosophy},
	editor       =	{Edward N. Zalta},
	howpublished =	{\url{https://plato.stanford.edu/archives/fall2021/entries/logic-intuitionistic/}},
	year         =	{2021},
	edition      =	{{F}all 2021},
	publisher    =	{Metaphysics Research Lab, Stanford University}
}

@book{fitting2012first,
	title={First-order logic and automated theorem proving},
	author={Fitting, Melvin},
	year={2012},
	publisher={Springer Science \& Business Media}
}

@incollection{tseitin1983complexity,
	title={On the complexity of derivation in propositional calculus},
	author={Tseitin, Grigori S},
	booktitle={Automation of reasoning},
	pages={466--483},
	year={1983},
	publisher={Springer}
}