@article{Echenim_2019,
	doi = {10.1007/s10817-019-09519-x},
	url = {https://doi.org/10.1007%2Fs10817-019-09519-x},
	year = 2019,
	month = {mar},
	publisher = {Springer Science and Business Media {LLC}},
	volume = {64},
	number = {2},
	pages = {253--294},
	author = {M. Echenim and N. Peltier},
	title = {Combining Induction and Saturation-Based Theorem Proving},
	journal = {Journal of Automated Reasoning}
}

@InProceedings{10.1007/978-3-030-53518-6_8,
	author="Hajd{\'u}, M{\'a}rton
	and Hozzov{\'a}, Petra
	and Kov{\'a}cs, Laura
	and Schoisswohl, Johannes
	and Voronkov, Andrei",
	editor="Benzm{\"u}ller, Christoph
	and Miller, Bruce",
	title="Induction with Generalization in Superposition Reasoning",
	booktitle="Intelligent Computer Mathematics",
	year="2020",
	publisher="Springer International Publishing",
	address="Cham",
	pages="123--137",
	abstract="We describe an extension of automating induction in superposition-based reasoning by strengthening inductive properties and generalizing terms over which induction should be applied. We implemented our approach in the first-order theorem prover Vampire and evaluated our work against state-of-the-art reasoners automating induction. We demonstrate the strength of our technique by showing that many interesting mathematical properties of natural numbers and lists can be proved automatically using this extension.",
	isbn="978-3-030-53518-6"
}

@masterthesis{hajdu2021automating,
	title={Automating inductive reasoning with recursive functions},
	author={Hajdu, Marton},
	year={2021},
	school={Wien}
}

@incollection{Kov_cs_2013,
	doi = {10.1007/978-3-642-39799-8_1},
	url = {https://doi.org/10.1007%2F978-3-642-39799-8_1},
	year = 2013,
	publisher = {Springer Berlin Heidelberg},
	pages = {1--35},
	author = {Laura Kov{\'{a}}cs and Andrei Voronkov},
	title = {First-Order Theorem Proving and Vampire},
	booktitle = {Computer Aided Verification}
}

@inproceedings{Griffin_1990,
	doi = {10.1145/96709.96714},
	url = {https://doi.org/10.1145%2F96709.96714},
	year = 1990,
	publisher = {{ACM} Press},
	author = {Timothy G. Griffin},
	title = {A formulae-as-type notion of control},
	booktitle = {Proceedings of the 17th {ACM} {SIGPLAN}-{SIGACT} symposium on Principles of programming languages  - {POPL} {\textquotesingle}90}
}

@incollection{de_Groote_1995,
	doi = {10.1007/bfb0014054},
	url = {https://doi.org/10.1007%2Fbfb0014054},
	year = 1995,
	publisher = {Springer Berlin Heidelberg},
	pages = {201--215},
	author = {Philippe de Groote},
	title = {A simple calculus of exception handling},
	booktitle = {Lecture Notes in Computer Science}
}

